@article{bergemann2010female,
  title={Female labour supply and parental leave benefits--the causal effect of paying higher transfers for a shorter period of time},
  author={Bergemann, Annette and Riphahn, Regina T},
  journal={Applied Economics Letters},
  volume={18},
  number={1},
  pages={17--20},
  year={2010},
  publisher={Taylor \& Francis}
}
@article{summers1989some,
  title={Some simple economics of mandated benefits},
  author={Summers, Lawrence H},
  journal={The American Economic Review},
  volume={79},
  number={2},
  pages={177--183},
  year={1989},
  publisher={JSTOR}
}
@techreport{ruhm1996economic,
  title={The economic consequences of parental leave mandates: Lessons from Europe},
  author={Ruhm, Christopher J},
  year={1996},
  institution={National bureau of economic research}
}
@article{nepomnyaschy2007paternity,
  title={Paternity Leave and Fathers’Involvement with their young Children: Evidence from the American Ecls--B},
  author={Nepomnyaschy, Lenna and Waldfogel, Jane},
  journal={Community, Work and Family},
  volume={10},
  number={4},
  pages={427--453},
  year={2007},
  publisher={Taylor \& Francis}
}
@article{kotsadam2011state,
  title={The state intervenes in the battle of the sexes: Causal effects of paternity leave},
  author={Kotsadam, Andreas and Finseraas, Henning},
  journal={Social Science Research},
  volume={40},
  number={6},
  pages={1611--1622},
  year={2011},
  publisher={Elsevier}
}
@article{kotsadam2011state,
  title={The state intervenes in the battle of the sexes: Causal effects of paternity leave},
  author={Kotsadam, Andreas and Finseraas, Henning},
  journal={Social Science Research},
  volume={40},
  number={6},
  pages={1611--1622},
  year={2011},
  publisher={Elsevier}
}
@article{han2003parental,
  title={Parental leave: The impact of recent legislation on parents’ leave taking},
  author={Han, Wen-Jui and Waldfogel, Jane},
  journal={Demography},
  volume={40},
  number={1},
  pages={191--200},
  year={2003},
  publisher={Springer}
}
@article{waldfogel2001international,
  title={International policies toward parental leave and child care},
  author={Waldfogel, Jane},
  journal={The Future of Children},
  pages={99--111},
  year={2001},
  publisher={JSTOR}
}
@article{lalive2009does,
  title={How does parental leave affect fertility and return to work? Evidence from two natural experiments},
  author={Lalive, Rafael and Zweim{\"u}ller, Josef},
  journal={The Quarterly Journal of Economics},
  pages={1363--1402},
  year={2009},
  publisher={JSTOR}
}
@article{han2009parental,
  title={Parental leave policies and parents' employment and leave-taking},
  author={Han, Wen-Jui and Ruhm, Christopher and Waldfogel, Jane},
  journal={Journal of Policy Analysis and Management},
  volume={28},
  number={1},
  pages={29--54},
  year={2009},
  publisher={Wiley Online Library}
}
@article{ray2010cares,
  title={Who cares? Assessing generosity and gender equality in parental leave policy designs in 21 countries},
  author={Ray, Rebecca and Gornick, Janet C and Schmitt, John},
  journal={Journal of European Social Policy},
  volume={20},
  number={3},
  pages={196--216},
  year={2010},
  publisher={SAGE Publications}
}
@article{phelps1972statistical,
  title={The statistical theory of racism and sexism},
  author={Phelps, Edmund S},
  journal={The american economic review},
  volume={62},
  number={4},
  pages={659--661},
  year={1972},
  publisher={JSTOR}
}
@article{cain1986economic,
  title={The economic analysis of labor market discrimination: A survey},
  author={Cain, Glen G},
  journal={Handbook of labor economics},
  volume={1},
  pages={693--785},
  year={1986},
  publisher={Elsevier}
}
@article{fruhwirth2015mothers,
  title={Mothers' long-run career patterns after first birth},
  author={Fr{\"u}hwirth-Schnatter, Sylvia and Pamminger, Christoph and Weber, Andrea and Winter-Ebmer, Rudolf},
  journal={Journal of the Royal Statistical Society: Series A (Statistics in Society)},
  year={2015},
  publisher={Wiley Online Library}
}
@techreport{zweimuller2009austrian,
  title={Austrian Social Security Database},
  author={Zweim{\"u}ller, Josef and Winter-Ebmer, Rudolf and Lalive, Rafael and Kuhn, Andreas and Wuellrich, Jean-Philippe and Ruf, Oliver and B{\"u}chi, Simon and others},
  year={2009},
  institution={The Austrian Center for Labor Economics and the Analysis of the Welfare State, Johannes Kepler University Linz, Austria}
}
@article{lalive2014parental,
  title={Parental Leave and Mothers’ Careers: The Relative Importance of Job Protection and Cash Benefits},
  author={Lalive, RAFAEL and SCHLOSSER, ANAL{\'I}A and STEINHAUER, ANDREAS and ZWEIM{\"U}LLER, JOSEF},
  journal={Review of Economic Studies},
  volume={81},
  pages={219--265},
  year={2014}
}
@techreport{dahl2013case,
  title={What Is the Case for Paid Maternity Leave?},
  author={Dahl, Gordon and L{\o}ken, Katrine and Mogstad, Magne and Vea Salvanes, Kari},
  year={2013},
  institution={University of Bergen, Department of Economics}
}

@article{schonberg2014expansions,
  title={Expansions in maternity leave coverage and mothers’ labor market outcomes after childbirth},
  author={Sch{\"o}nberg, Uta and Ludsteck, Johannes},
  journal={Journal of Labor Economics},
  volume={32},
  number={3},
  pages={469--505},
  year={2014},
  publisher={JSTOR}
}
@techreport{schonberg2007maternity,
  title={Maternity Leave Legislation, Female Labor Supply, and the Family Wage Gap},
  author={Sch{\"o}nberg, Uta and Ludsteck, Johannes},
  year={2007},
  institution={Institute for the Study of Labor (IZA)}
}
@article{korenman1992marriage,
  title={Marriage, Motherhood, and Wages.},
  author={Korenman, Sanders and Neumark, David},
  journal={Journal of Human Resources},
  volume={27},
  number={2},
  year={1992}
}
@article{ejrnaes2013work,
  title={Work and wage dynamics around childbirth},
  author={Ejrn{\ae}s, Mette and Kunze, Astrid},
  journal={The Scandinavian Journal of Economics},
  volume={115},
  number={3},
  pages={856--877},
  year={2013},
  publisher={Wiley Online Library}
}
@article{simonsen2006costs,
  title={The costs of motherhood: an analysis using matching estimators},
  author={Simonsen, Marianne and Skipper, Lars},
  journal={Journal of Applied Econometrics},
  volume={21},
  number={7},
  pages={919--934},
  year={2006},
  publisher={Wiley Online Library}
}